<?xml version="1.0" encoding="UTF-8"?><record xmlns="http://www.loc.gov/MARC21/slim" xmlns:cinclude="http://apache.org/cocoon/include/1.0" xmlns:zs="http://www.loc.gov/zing/srw/">
  <leader>00380cz  a2200121n  4500</leader>
  <controlfield tag="001">n  88237519 </controlfield>
  <controlfield tag="003">DLC</controlfield>
  <controlfield tag="005">19900119065134.0</controlfield>
  <controlfield tag="008">891208n| acannaab|          |n aaa |||  </controlfield>
  <datafield tag="010" ind1=" " ind2=" ">
    <subfield code="a">n  88237519 </subfield>
  </datafield>
  <datafield tag="040" ind1=" " ind2=" ">
    <subfield code="a">DLC</subfield>
    <subfield code="c">DLC</subfield>
  </datafield>
  <datafield tag="100" ind1="1" ind2="0">
    <subfield code="a">Amouroux, M.</subfield>
  </datafield>
  <datafield tag="670" ind1=" " ind2=" ">
    <subfield code="a">Control of distributed parameter systems 1989, 1989:</subfield>
    <subfield code="b">CIP t.p. (M. Amouroux, Laboratoire d'automatique, Univ. of Perpignan, France)</subfield>
  </datafield>
</record>